@article{Barker:2020gcp,
    author = "Barker, W. E. V. and Lasenby, A. N. and Hobson, M. P. and Handley, W. J.",
    title = "{Systematic study of background cosmology in unitary Poincar\'e gauge theories with application to emergent dark radiation and $H_0$ tension}",
    eprint = "2003.02690",
    archivePrefix = "arXiv",
    primaryClass = "gr-qc",
    doi = "10.1103/PhysRevD.102.024048",
    journal = "Phys. Rev. D",
    volume = "102",
    number = "2",
    pages = "024048",
    year = "2020"
}


@article{Barker:2020elg,
    author = "Barker, W. E. V. and Lasenby, A. N. and Hobson, M. P. and Handley, W. J.",
    title = "{Mapping Poincar\'e gauge cosmology to Horndeski theory for emergent dark energy}",
    eprint = "2006.03581",
    archivePrefix = "arXiv",
    primaryClass = "gr-qc",
    doi = "10.1103/PhysRevD.102.084002",
    journal = "Phys. Rev. D",
    volume = "102",
    number = "8",
    pages = "084002",
    year = "2020"
}
