@ARTICLE{planck2018,
       author = {{Planck Collaboration} },
        title = "{Planck 2018 results. VI. Cosmological parameters}",
      journal = {\aap},
     keywords = {cosmic background radiation, cosmological parameters, Astrophysics - Cosmology and Nongalactic Astrophysics},
         year = 2020,
        month = sep,
       volume = {641},
          eid = {A6},
        pages = {A6},
          doi = {10.1051/0004-6361/201833910},
archivePrefix = {arXiv},
       eprint = {1807.06209},
 primaryClass = {astro-ph.CO},
       adsurl = {https://ui.adsabs.harvard.edu/abs/2020A&A...641A...6P},
      adsnote = {Provided by the SAO/NASA Astrophysics Data System}
}

@ARTICLE{2022PhRvD.105b3520A,
       author = { {DES Collaboration}},
        title = "{Dark Energy Survey Year 3 results: Cosmological constraints from galaxy clustering and weak lensing}",
      journal = {\prd},
     keywords = {Astrophysics - Cosmology and Nongalactic Astrophysics},
         year = 2022,
        month = jan,
       volume = {105},
       number = {2},
          eid = {023520},
        pages = {023520},
          doi = {10.1103/PhysRevD.105.023520},
archivePrefix = {arXiv},
       eprint = {2105.13549},
 primaryClass = {astro-ph.CO},
       adsurl = {https://ui.adsabs.harvard.edu/abs/2022PhRvD.105b3520A},
      adsnote = {Provided by the SAO/NASA Astrophysics Data System}
}



@article{Torrado_2021,
   title={Cobaya: code for Bayesian analysis of hierarchical physical models},
   volume={2021},
   ISSN={1475-7516},
   url={http://dx.doi.org/10.1088/1475-7516/2021/05/057},
   DOI={10.1088/1475-7516/2021/05/057},
   number={05},
   journal={Journal of Cosmology and Astroparticle Physics},
   publisher={IOP Publishing},
   author={Torrado, Jesús and Lewis, Antony},
   year={2021},
   month=may, pages={057} }

@software{2011ascl.soft02026L,
       author = {{Lewis}, Antony and {Challinor}, Anthony},
        title = "{CAMB: Code for Anisotropies in the Microwave Background}",
 howpublished = {Astrophysics Source Code Library, record ascl:1102.026},
         year = 2011,
        month = feb,
          eid = {ascl:1102.026},
       adsurl = {https://ui.adsabs.harvard.edu/abs/2011ascl.soft02026L},
      adsnote = {Provided by the SAO/NASA Astrophysics Data System}
}

@article{Handley_2015,
   title={polychord: next-generation nested sampling},
   volume={453},
   ISSN={1365-2966},
   url={http://dx.doi.org/10.1093/mnras/stv1911},
   DOI={10.1093/mnras/stv1911},
   number={4},
   journal={Monthly Notices of the Royal Astronomical Society},
   publisher={Oxford University Press (OUP)},
   author={Handley, W. J. and Hobson, M. P. and Lasenby, A. N.},
   year={2015},
   month=sep, pages={4385–4399} }

@article{Riess_2022,
   title={A Comprehensive Measurement of the Local Value of the Hubble Constant with 1 km s−1 Mpc−1 Uncertainty from the Hubble Space Telescope and the SH0ES Team},
   volume={934},
   ISSN={2041-8213},
   url={http://dx.doi.org/10.3847/2041-8213/ac5c5b},
   DOI={10.3847/2041-8213/ac5c5b},
   number={1},
   journal={The Astrophysical Journal Letters},
   publisher={American Astronomical Society},
   author={Riess, Adam G. and Yuan, Wenlong and Macri, Lucas M. and Scolnic, Dan and Brout, Dillon and Casertano, Stefano and Jones, David O. and Murakami, Yukei and Anand, Gagandeep S. and Breuval, Louise and Brink, Thomas G. and Filippenko, Alexei V. and Hoffmann, Samantha and Jha, Saurabh W. and D’arcy Kenworthy, W. and Mackenty, John and Stahl, Benjamin E. and Zheng, WeiKang},
   year={2022},
   month=jul, pages={L7} }

@article{article,
author = {Ries, J.C. and Eanes, Richard and Tapley, Byron and Peterson, Glenn},
pages = {},
title = {Prospects for an Improved Lense-Thirring Test with SLR and the GRACE Gravity Mission}
}